<record><leader>00000cas a2200000 a 4500</leader><controlfield tag="001">10476278</controlfield><controlfield tag="008">840301d18131815vi cr ne      0   b0eng c</controlfield><datafield ind1=" " ind2=" " tag="010"><subfield code="a">sn 84037524 </subfield></datafield><datafield ind1=" " ind2=" " tag="040"><subfield code="a">NVI</subfield><subfield code="b">eng</subfield><subfield code="c">NPV</subfield><subfield code="d">DLC</subfield><subfield code="d">OCLCQ</subfield><subfield code="d">OCLCA</subfield><subfield code="d">DLC</subfield><subfield code="d">OCLCA</subfield><subfield code="d">OCLCF</subfield></datafield><datafield ind1="1" ind2=" " tag="029"><subfield code="a">AU@</subfield><subfield code="b">000020417421</subfield></datafield><datafield ind1="0" ind2=" " tag="041"><subfield code="a">daneng</subfield></datafield><datafield ind1=" " ind2=" " tag="042"><subfield code="a">pcc</subfield></datafield><datafield ind1=" " ind2=" " tag="043"><subfield code="a">nwvi---</subfield></datafield><datafield ind1="0" ind2="0" tag="050"><subfield code="a">Newspaper</subfield></datafield><datafield ind1="0" ind2="4" tag="245"><subfield code="a">The Royal St. Croix gazette.</subfield></datafield><datafield ind1="3" ind2="0" tag="246"><subfield code="a">Royal Saint Croix gazette</subfield><subfield code="f">Mar. 19, 1815</subfield></datafield><datafield ind1=" " ind2=" " tag="260"><subfield code="a">St. Croix [V.I.] :</subfield><subfield code="b">P.L. Clarke,</subfield><subfield code="c">1813-1815.</subfield></datafield><datafield ind1=" " ind2=" " tag="300"><subfield code="a">v.</subfield></datafield><datafield ind1=" " ind2=" " tag="310"><subfield code="a">Semiweekly</subfield></datafield><datafield ind1="0" ind2=" " tag="362"><subfield code="a">No. 1 (Aug. 14, 1813)-no. 25 (Mar. 29, 1815).</subfield></datafield><datafield ind1=" " ind2=" " tag="500"><subfield code="a">Printer: Peter Luke Clarke; Jonas Englund.</subfield></datafield><datafield ind1=" " ind2=" " tag="546"><subfield code="a">In English and Danish.</subfield></datafield><datafield ind1=" " ind2="0" tag="651"><subfield code="a">Saint Croix (United States Virgin Islands)</subfield><subfield code="v">Newspapers.</subfield></datafield><datafield ind1=" " ind2="7" tag="655"><subfield code="a">Newspapers.</subfield><subfield code="2">fast</subfield><subfield code="0">(OCoLC)fst01423814</subfield></datafield><datafield ind1=" " ind2="7" tag="651"><subfield code="a">United States Virgin Islands</subfield><subfield code="z">Saint Croix.</subfield><subfield code="2">fast</subfield><subfield code="0">(OCoLC)fst01861791</subfield></datafield><datafield ind1=" " ind2=" " tag="752"><subfield code="a">United States</subfield><subfield code="b">Virgin Islands</subfield><subfield code="c">Saint Croix</subfield><subfield code="d">Saint Croix.</subfield></datafield><datafield ind1="0" ind2="0" tag="780"><subfield code="t">St. Croix gazette (Saint Croix, United States Virgin Islands : 1808)</subfield><subfield code="w">(DLC)sn 84037527</subfield></datafield><datafield ind1="0" ind2="0" tag="785"><subfield code="t">Dansk Vestindisk regierings avis (Saint Croix, United States Virgin Islands : 1815)</subfield><subfield code="w">(DLC)sn 84037523</subfield></datafield></record>